%YAML 1.1
%TAG !u! tag:unity3d.com,2011:
--- !u!1 &2938282777969775133
GameObject:
  m_ObjectHideFlags: 0
  m_CorrespondingSourceObject: {fileID: 0}
  m_PrefabInstance: {fileID: 0}
  m_PrefabAsset: {fileID: 0}
  serializedVersion: 6
  m_Component:
  - component: {fileID: 2938282777969775074}
  m_Layer: 0
  m_Name: ArmorSide
  m_TagString: Untagged
  m_Icon: {fileID: 0}
  m_NavMeshLayer: 0
  m_StaticEditorFlags: 0
  m_IsActive: 1
--- !u!4 &2938282777969775074
Transform:
  m_ObjectHideFlags: 0
  m_CorrespondingSourceObject: {fileID: 0}
  m_PrefabInstance: {fileID: 0}
  m_PrefabAsset: {fileID: 0}
  m_GameObject: {fileID: 2938282777969775133}
  m_LocalRotation: {x: -0, y: -0, z: -0, w: 1}
  m_LocalPosition: {x: -0.333, y: 0.51515156, z: 0.333}
  m_LocalScale: {x: 0.3030303, y: 0.3030303, z: 0.3030303}
  m_Children:
  - {fileID: 6117795418352690032}
  - {fileID: 6117795416864849108}
  - {fileID: 6117795417768237088}
  - {fileID: 6117795417131844064}
  - {fileID: 6117795416286919929}
  - {fileID: 6117795416959306210}
  - {fileID: 6117795417479132835}
  - {fileID: 6117795418353645460}
  - {fileID: 6117795417467934973}
  m_Father: {fileID: 2938282778031903830}
  m_RootOrder: 0
  m_LocalEulerAnglesHint: {x: 0, y: 0, z: 0}
--- !u!1 &2938282778031903826
GameObject:
  m_ObjectHideFlags: 0
  m_CorrespondingSourceObject: {fileID: 0}
  m_PrefabInstance: {fileID: 0}
  m_PrefabAsset: {fileID: 0}
  serializedVersion: 6
  m_Component:
  - component: {fileID: 2938282778031903830}
  - component: {fileID: 2938282778031903825}
  - component: {fileID: 2938282778031903824}
  - component: {fileID: 2938282778031903827}
  m_Layer: 0
  m_Name: GameCube
  m_TagString: Untagged
  m_Icon: {fileID: 0}
  m_NavMeshLayer: 0
  m_StaticEditorFlags: 0
  m_IsActive: 1
--- !u!4 &2938282778031903830
Transform:
  m_ObjectHideFlags: 0
  m_CorrespondingSourceObject: {fileID: 0}
  m_PrefabInstance: {fileID: 0}
  m_PrefabAsset: {fileID: 0}
  m_GameObject: {fileID: 2938282778031903826}
  m_LocalRotation: {x: 0, y: 0, z: 0, w: 1}
  m_LocalPosition: {x: 0, y: 0, z: 0}
  m_LocalScale: {x: 3.3, y: 3.3, z: 3.3}
  m_Children:
  - {fileID: 2938282777969775074}
  m_Father: {fileID: 0}
  m_RootOrder: 0
  m_LocalEulerAnglesHint: {x: 0, y: 0, z: 0}
--- !u!33 &2938282778031903825
MeshFilter:
  m_ObjectHideFlags: 0
  m_CorrespondingSourceObject: {fileID: 0}
  m_PrefabInstance: {fileID: 0}
  m_PrefabAsset: {fileID: 0}
  m_GameObject: {fileID: 2938282778031903826}
  m_Mesh: {fileID: 10202, guid: 0000000000000000e000000000000000, type: 0}
--- !u!23 &2938282778031903824
MeshRenderer:
  m_ObjectHideFlags: 0
  m_CorrespondingSourceObject: {fileID: 0}
  m_PrefabInstance: {fileID: 0}
  m_PrefabAsset: {fileID: 0}
  m_GameObject: {fileID: 2938282778031903826}
  m_Enabled: 1
  m_CastShadows: 1
  m_ReceiveShadows: 1
  m_DynamicOccludee: 1
  m_MotionVectors: 1
  m_LightProbeUsage: 1
  m_ReflectionProbeUsage: 1
  m_RayTracingMode: 2
  m_RayTraceProcedural: 0
  m_RenderingLayerMask: 1
  m_RendererPriority: 0
  m_Materials:
  - {fileID: 2100000, guid: 24e8c9674c25d4f6c9e46d720dbe84bc, type: 2}
  m_StaticBatchInfo:
    firstSubMesh: 0
    subMeshCount: 0
  m_StaticBatchRoot: {fileID: 0}
  m_ProbeAnchor: {fileID: 0}
  m_LightProbeVolumeOverride: {fileID: 0}
  m_ScaleInLightmap: 1
  m_ReceiveGI: 1
  m_PreserveUVs: 0
  m_IgnoreNormalsForChartDetection: 0
  m_ImportantGI: 0
  m_StitchLightmapSeams: 1
  m_SelectedEditorRenderState: 3
  m_MinimumChartSize: 4
  m_AutoUVMaxDistance: 0.5
  m_AutoUVMaxAngle: 89
  m_LightmapParameters: {fileID: 0}
  m_SortingLayerID: 0
  m_SortingLayer: 0
  m_SortingOrder: 0
  m_AdditionalVertexStreams: {fileID: 0}
--- !u!65 &2938282778031903827
BoxCollider:
  m_ObjectHideFlags: 0
  m_CorrespondingSourceObject: {fileID: 0}
  m_PrefabInstance: {fileID: 0}
  m_PrefabAsset: {fileID: 0}
  m_GameObject: {fileID: 2938282778031903826}
  m_Material: {fileID: 0}
  m_IsTrigger: 0
  m_Enabled: 1
  serializedVersion: 2
  m_Size: {x: 1, y: 1, z: 1}
  m_Center: {x: 0, y: 0, z: 0}
--- !u!1001 &2938282776306177674
PrefabInstance:
  m_ObjectHideFlags: 0
  serializedVersion: 2
  m_Modification:
    m_TransformParent: {fileID: 2938282777969775074}
    m_Modifications:
    - target: {fileID: 1116309621486503200, guid: 405a47a116fc449eda09832060c0a143,
        type: 3}
      propertyPath: m_Name
      value: ArmorCell_0
      objectReference: {fileID: 0}
    - target: {fileID: 4578844998114255361, guid: 405a47a116fc449eda09832060c0a143,
        type: 3}
      propertyPath: gameLogic
      value: 
      objectReference: {fileID: 0}
    - target: {fileID: 6175998109335594305, guid: 405a47a116fc449eda09832060c0a143,
        type: 3}
      propertyPath: gameLogic
      value: 
      objectReference: {fileID: 0}
    - target: {fileID: 8944190757163267578, guid: 405a47a116fc449eda09832060c0a143,
        type: 3}
      propertyPath: m_RootOrder
      value: 0
      objectReference: {fileID: 0}
    - target: {fileID: 8944190757163267578, guid: 405a47a116fc449eda09832060c0a143,
        type: 3}
      propertyPath: m_LocalPosition.x
      value: 0
      objectReference: {fileID: 0}
    - target: {fileID: 8944190757163267578, guid: 405a47a116fc449eda09832060c0a143,
        type: 3}
      propertyPath: m_LocalPosition.y
      value: 0
      objectReference: {fileID: 0}
    - target: {fileID: 8944190757163267578, guid: 405a47a116fc449eda09832060c0a143,
        type: 3}
      propertyPath: m_LocalPosition.z
      value: 0
      objectReference: {fileID: 0}
    - target: {fileID: 8944190757163267578, guid: 405a47a116fc449eda09832060c0a143,
        type: 3}
      propertyPath: m_LocalRotation.w
      value: 1
      objectReference: {fileID: 0}
    - target: {fileID: 8944190757163267578, guid: 405a47a116fc449eda09832060c0a143,
        type: 3}
      propertyPath: m_LocalRotation.x
      value: -0
      objectReference: {fileID: 0}
    - target: {fileID: 8944190757163267578, guid: 405a47a116fc449eda09832060c0a143,
        type: 3}
      propertyPath: m_LocalRotation.y
      value: -0
      objectReference: {fileID: 0}
    - target: {fileID: 8944190757163267578, guid: 405a47a116fc449eda09832060c0a143,
        type: 3}
      propertyPath: m_LocalRotation.z
      value: -0
      objectReference: {fileID: 0}
    - target: {fileID: 8944190757163267578, guid: 405a47a116fc449eda09832060c0a143,
        type: 3}
      propertyPath: m_LocalEulerAnglesHint.x
      value: 0
      objectReference: {fileID: 0}
    - target: {fileID: 8944190757163267578, guid: 405a47a116fc449eda09832060c0a143,
        type: 3}
      propertyPath: m_LocalEulerAnglesHint.y
      value: 0
      objectReference: {fileID: 0}
    - target: {fileID: 8944190757163267578, guid: 405a47a116fc449eda09832060c0a143,
        type: 3}
      propertyPath: m_LocalEulerAnglesHint.z
      value: 0
      objectReference: {fileID: 0}
    m_RemovedComponents: []
  m_SourcePrefab: {fileID: 100100000, guid: 405a47a116fc449eda09832060c0a143, type: 3}
--- !u!4 &6117795418352690032 stripped
Transform:
  m_CorrespondingSourceObject: {fileID: 8944190757163267578, guid: 405a47a116fc449eda09832060c0a143,
    type: 3}
  m_PrefabInstance: {fileID: 2938282776306177674}
  m_PrefabAsset: {fileID: 0}
--- !u!1001 &2938282776307647086
PrefabInstance:
  m_ObjectHideFlags: 0
  serializedVersion: 2
  m_Modification:
    m_TransformParent: {fileID: 2938282777969775074}
    m_Modifications:
    - target: {fileID: 1116309621486503200, guid: 405a47a116fc449eda09832060c0a143,
        type: 3}
      propertyPath: m_Name
      value: ArmorCell_7
      objectReference: {fileID: 0}
    - target: {fileID: 4578844998114255361, guid: 405a47a116fc449eda09832060c0a143,
        type: 3}
      propertyPath: index
      value: 7
      objectReference: {fileID: 0}
    - target: {fileID: 4578844998114255361, guid: 405a47a116fc449eda09832060c0a143,
        type: 3}
      propertyPath: gameLogic
      value: 
      objectReference: {fileID: 0}
    - target: {fileID: 6175998109335594305, guid: 405a47a116fc449eda09832060c0a143,
        type: 3}
      propertyPath: col
      value: 1
      objectReference: {fileID: 0}
    - target: {fileID: 6175998109335594305, guid: 405a47a116fc449eda09832060c0a143,
        type: 3}
      propertyPath: row
      value: 2
      objectReference: {fileID: 0}
    - target: {fileID: 6175998109335594305, guid: 405a47a116fc449eda09832060c0a143,
        type: 3}
      propertyPath: posX
      value: 2
      objectReference: {fileID: 0}
    - target: {fileID: 6175998109335594305, guid: 405a47a116fc449eda09832060c0a143,
        type: 3}
      propertyPath: posY
      value: 1
      objectReference: {fileID: 0}
    - target: {fileID: 6175998109335594305, guid: 405a47a116fc449eda09832060c0a143,
        type: 3}
      propertyPath: index
      value: 7
      objectReference: {fileID: 0}
    - target: {fileID: 6175998109335594305, guid: 405a47a116fc449eda09832060c0a143,
        type: 3}
      propertyPath: gameLogic
      value: 
      objectReference: {fileID: 0}
    - target: {fileID: 8944190757163267578, guid: 405a47a116fc449eda09832060c0a143,
        type: 3}
      propertyPath: m_RootOrder
      value: 7
      objectReference: {fileID: 0}
    - target: {fileID: 8944190757163267578, guid: 405a47a116fc449eda09832060c0a143,
        type: 3}
      propertyPath: m_LocalPosition.x
      value: 1.1
      objectReference: {fileID: 0}
    - target: {fileID: 8944190757163267578, guid: 405a47a116fc449eda09832060c0a143,
        type: 3}
      propertyPath: m_LocalPosition.y
      value: 0
      objectReference: {fileID: 0}
    - target: {fileID: 8944190757163267578, guid: 405a47a116fc449eda09832060c0a143,
        type: 3}
      propertyPath: m_LocalPosition.z
      value: -2.2
      objectReference: {fileID: 0}
    - target: {fileID: 8944190757163267578, guid: 405a47a116fc449eda09832060c0a143,
        type: 3}
      propertyPath: m_LocalRotation.w
      value: 1
      objectReference: {fileID: 0}
    - target: {fileID: 8944190757163267578, guid: 405a47a116fc449eda09832060c0a143,
        type: 3}
      propertyPath: m_LocalRotation.x
      value: -0
      objectReference: {fileID: 0}
    - target: {fileID: 8944190757163267578, guid: 405a47a116fc449eda09832060c0a143,
        type: 3}
      propertyPath: m_LocalRotation.y
      value: -0
      objectReference: {fileID: 0}
    - target: {fileID: 8944190757163267578, guid: 405a47a116fc449eda09832060c0a143,
        type: 3}
      propertyPath: m_LocalRotation.z
      value: -0
      objectReference: {fileID: 0}
    - target: {fileID: 8944190757163267578, guid: 405a47a116fc449eda09832060c0a143,
        type: 3}
      propertyPath: m_LocalEulerAnglesHint.x
      value: 0
      objectReference: {fileID: 0}
    - target: {fileID: 8944190757163267578, guid: 405a47a116fc449eda09832060c0a143,
        type: 3}
      propertyPath: m_LocalEulerAnglesHint.y
      value: 0
      objectReference: {fileID: 0}
    - target: {fileID: 8944190757163267578, guid: 405a47a116fc449eda09832060c0a143,
        type: 3}
      propertyPath: m_LocalEulerAnglesHint.z
      value: 0
      objectReference: {fileID: 0}
    m_RemovedComponents: []
  m_SourcePrefab: {fileID: 100100000, guid: 405a47a116fc449eda09832060c0a143, type: 3}
--- !u!4 &6117795418353645460 stripped
Transform:
  m_CorrespondingSourceObject: {fileID: 8944190757163267578, guid: 405a47a116fc449eda09832060c0a143,
    type: 3}
  m_PrefabInstance: {fileID: 2938282776307647086}
  m_PrefabAsset: {fileID: 0}
--- !u!1001 &2938282776796523994
PrefabInstance:
  m_ObjectHideFlags: 0
  serializedVersion: 2
  m_Modification:
    m_TransformParent: {fileID: 2938282777969775074}
    m_Modifications:
    - target: {fileID: 1116309621486503200, guid: 405a47a116fc449eda09832060c0a143,
        type: 3}
      propertyPath: m_Name
      value: ArmorCell_2
      objectReference: {fileID: 0}
    - target: {fileID: 4578844998114255361, guid: 405a47a116fc449eda09832060c0a143,
        type: 3}
      propertyPath: index
      value: 2
      objectReference: {fileID: 0}
    - target: {fileID: 4578844998114255361, guid: 405a47a116fc449eda09832060c0a143,
        type: 3}
      propertyPath: gameLogic
      value: 
      objectReference: {fileID: 0}
    - target: {fileID: 6175998109335594305, guid: 405a47a116fc449eda09832060c0a143,
        type: 3}
      propertyPath: col
      value: 2
      objectReference: {fileID: 0}
    - target: {fileID: 6175998109335594305, guid: 405a47a116fc449eda09832060c0a143,
        type: 3}
      propertyPath: posY
      value: 2
      objectReference: {fileID: 0}
    - target: {fileID: 6175998109335594305, guid: 405a47a116fc449eda09832060c0a143,
        type: 3}
      propertyPath: index
      value: 2
      objectReference: {fileID: 0}
    - target: {fileID: 6175998109335594305, guid: 405a47a116fc449eda09832060c0a143,
        type: 3}
      propertyPath: gameLogic
      value: 
      objectReference: {fileID: 0}
    - target: {fileID: 8944190757163267578, guid: 405a47a116fc449eda09832060c0a143,
        type: 3}
      propertyPath: m_RootOrder
      value: 2
      objectReference: {fileID: 0}
    - target: {fileID: 8944190757163267578, guid: 405a47a116fc449eda09832060c0a143,
        type: 3}
      propertyPath: m_LocalPosition.x
      value: 2.2
      objectReference: {fileID: 0}
    - target: {fileID: 8944190757163267578, guid: 405a47a116fc449eda09832060c0a143,
        type: 3}
      propertyPath: m_LocalPosition.y
      value: 0
      objectReference: {fileID: 0}
    - target: {fileID: 8944190757163267578, guid: 405a47a116fc449eda09832060c0a143,
        type: 3}
      propertyPath: m_LocalPosition.z
      value: 0
      objectReference: {fileID: 0}
    - target: {fileID: 8944190757163267578, guid: 405a47a116fc449eda09832060c0a143,
        type: 3}
      propertyPath: m_LocalRotation.w
      value: 1
      objectReference: {fileID: 0}
    - target: {fileID: 8944190757163267578, guid: 405a47a116fc449eda09832060c0a143,
        type: 3}
      propertyPath: m_LocalRotation.x
      value: -0
      objectReference: {fileID: 0}
    - target: {fileID: 8944190757163267578, guid: 405a47a116fc449eda09832060c0a143,
        type: 3}
      propertyPath: m_LocalRotation.y
      value: -0
      objectReference: {fileID: 0}
    - target: {fileID: 8944190757163267578, guid: 405a47a116fc449eda09832060c0a143,
        type: 3}
      propertyPath: m_LocalRotation.z
      value: -0
      objectReference: {fileID: 0}
    - target: {fileID: 8944190757163267578, guid: 405a47a116fc449eda09832060c0a143,
        type: 3}
      propertyPath: m_LocalEulerAnglesHint.x
      value: 0
      objectReference: {fileID: 0}
    - target: {fileID: 8944190757163267578, guid: 405a47a116fc449eda09832060c0a143,
        type: 3}
      propertyPath: m_LocalEulerAnglesHint.y
      value: 0
      objectReference: {fileID: 0}
    - target: {fileID: 8944190757163267578, guid: 405a47a116fc449eda09832060c0a143,
        type: 3}
      propertyPath: m_LocalEulerAnglesHint.z
      value: 0
      objectReference: {fileID: 0}
    m_RemovedComponents: []
  m_SourcePrefab: {fileID: 100100000, guid: 405a47a116fc449eda09832060c0a143, type: 3}
--- !u!4 &6117795417768237088 stripped
Transform:
  m_CorrespondingSourceObject: {fileID: 8944190757163267578, guid: 405a47a116fc449eda09832060c0a143,
    type: 3}
  m_PrefabInstance: {fileID: 2938282776796523994}
  m_PrefabAsset: {fileID: 0}
--- !u!1001 &2938282777167801607
PrefabInstance:
  m_ObjectHideFlags: 0
  serializedVersion: 2
  m_Modification:
    m_TransformParent: {fileID: 2938282777969775074}
    m_Modifications:
    - target: {fileID: 1116309621486503200, guid: 405a47a116fc449eda09832060c0a143,
        type: 3}
      propertyPath: m_Name
      value: ArmorCell_8
      objectReference: {fileID: 0}
    - target: {fileID: 4578844998114255361, guid: 405a47a116fc449eda09832060c0a143,
        type: 3}
      propertyPath: index
      value: 8
      objectReference: {fileID: 0}
    - target: {fileID: 4578844998114255361, guid: 405a47a116fc449eda09832060c0a143,
        type: 3}
      propertyPath: gameLogic
      value: 
      objectReference: {fileID: 0}
    - target: {fileID: 6175998109335594305, guid: 405a47a116fc449eda09832060c0a143,
        type: 3}
      propertyPath: col
      value: 2
      objectReference: {fileID: 0}
    - target: {fileID: 6175998109335594305, guid: 405a47a116fc449eda09832060c0a143,
        type: 3}
      propertyPath: row
      value: 2
      objectReference: {fileID: 0}
    - target: {fileID: 6175998109335594305, guid: 405a47a116fc449eda09832060c0a143,
        type: 3}
      propertyPath: posX
      value: 2
      objectReference: {fileID: 0}
    - target: {fileID: 6175998109335594305, guid: 405a47a116fc449eda09832060c0a143,
        type: 3}
      propertyPath: posY
      value: 2
      objectReference: {fileID: 0}
    - target: {fileID: 6175998109335594305, guid: 405a47a116fc449eda09832060c0a143,
        type: 3}
      propertyPath: index
      value: 8
      objectReference: {fileID: 0}
    - target: {fileID: 6175998109335594305, guid: 405a47a116fc449eda09832060c0a143,
        type: 3}
      propertyPath: gameLogic
      value: 
      objectReference: {fileID: 0}
    - target: {fileID: 8944190757163267578, guid: 405a47a116fc449eda09832060c0a143,
        type: 3}
      propertyPath: m_RootOrder
      value: 8
      objectReference: {fileID: 0}
    - target: {fileID: 8944190757163267578, guid: 405a47a116fc449eda09832060c0a143,
        type: 3}
      propertyPath: m_LocalPosition.x
      value: 2.2
      objectReference: {fileID: 0}
    - target: {fileID: 8944190757163267578, guid: 405a47a116fc449eda09832060c0a143,
        type: 3}
      propertyPath: m_LocalPosition.y
      value: 0
      objectReference: {fileID: 0}
    - target: {fileID: 8944190757163267578, guid: 405a47a116fc449eda09832060c0a143,
        type: 3}
      propertyPath: m_LocalPosition.z
      value: -2.2
      objectReference: {fileID: 0}
    - target: {fileID: 8944190757163267578, guid: 405a47a116fc449eda09832060c0a143,
        type: 3}
      propertyPath: m_LocalRotation.w
      value: 1
      objectReference: {fileID: 0}
    - target: {fileID: 8944190757163267578, guid: 405a47a116fc449eda09832060c0a143,
        type: 3}
      propertyPath: m_LocalRotation.x
      value: -0
      objectReference: {fileID: 0}
    - target: {fileID: 8944190757163267578, guid: 405a47a116fc449eda09832060c0a143,
        type: 3}
      propertyPath: m_LocalRotation.y
      value: -0
      objectReference: {fileID: 0}
    - target: {fileID: 8944190757163267578, guid: 405a47a116fc449eda09832060c0a143,
        type: 3}
      propertyPath: m_LocalRotation.z
      value: -0
      objectReference: {fileID: 0}
    - target: {fileID: 8944190757163267578, guid: 405a47a116fc449eda09832060c0a143,
        type: 3}
      propertyPath: m_LocalEulerAnglesHint.x
      value: 0
      objectReference: {fileID: 0}
    - target: {fileID: 8944190757163267578, guid: 405a47a116fc449eda09832060c0a143,
        type: 3}
      propertyPath: m_LocalEulerAnglesHint.y
      value: 0
      objectReference: {fileID: 0}
    - target: {fileID: 8944190757163267578, guid: 405a47a116fc449eda09832060c0a143,
        type: 3}
      propertyPath: m_LocalEulerAnglesHint.z
      value: 0
      objectReference: {fileID: 0}
    m_RemovedComponents: []
  m_SourcePrefab: {fileID: 100100000, guid: 405a47a116fc449eda09832060c0a143, type: 3}
--- !u!4 &6117795417467934973 stripped
Transform:
  m_CorrespondingSourceObject: {fileID: 8944190757163267578, guid: 405a47a116fc449eda09832060c0a143,
    type: 3}
  m_PrefabInstance: {fileID: 2938282777167801607}
  m_PrefabAsset: {fileID: 0}
--- !u!1001 &2938282777177965401
PrefabInstance:
  m_ObjectHideFlags: 0
  serializedVersion: 2
  m_Modification:
    m_TransformParent: {fileID: 2938282777969775074}
    m_Modifications:
    - target: {fileID: 1116309621486503200, guid: 405a47a116fc449eda09832060c0a143,
        type: 3}
      propertyPath: m_Name
      value: ArmorCell_6
      objectReference: {fileID: 0}
    - target: {fileID: 4578844998114255361, guid: 405a47a116fc449eda09832060c0a143,
        type: 3}
      propertyPath: index
      value: 6
      objectReference: {fileID: 0}
    - target: {fileID: 4578844998114255361, guid: 405a47a116fc449eda09832060c0a143,
        type: 3}
      propertyPath: gameLogic
      value: 
      objectReference: {fileID: 0}
    - target: {fileID: 6175998109335594305, guid: 405a47a116fc449eda09832060c0a143,
        type: 3}
      propertyPath: row
      value: 2
      objectReference: {fileID: 0}
    - target: {fileID: 6175998109335594305, guid: 405a47a116fc449eda09832060c0a143,
        type: 3}
      propertyPath: posX
      value: 2
      objectReference: {fileID: 0}
    - target: {fileID: 6175998109335594305, guid: 405a47a116fc449eda09832060c0a143,
        type: 3}
      propertyPath: index
      value: 6
      objectReference: {fileID: 0}
    - target: {fileID: 6175998109335594305, guid: 405a47a116fc449eda09832060c0a143,
        type: 3}
      propertyPath: gameLogic
      value: 
      objectReference: {fileID: 0}
    - target: {fileID: 8944190757163267578, guid: 405a47a116fc449eda09832060c0a143,
        type: 3}
      propertyPath: m_RootOrder
      value: 6
      objectReference: {fileID: 0}
    - target: {fileID: 8944190757163267578, guid: 405a47a116fc449eda09832060c0a143,
        type: 3}
      propertyPath: m_LocalPosition.x
      value: 0
      objectReference: {fileID: 0}
    - target: {fileID: 8944190757163267578, guid: 405a47a116fc449eda09832060c0a143,
        type: 3}
      propertyPath: m_LocalPosition.y
      value: 0
      objectReference: {fileID: 0}
    - target: {fileID: 8944190757163267578, guid: 405a47a116fc449eda09832060c0a143,
        type: 3}
      propertyPath: m_LocalPosition.z
      value: -2.2
      objectReference: {fileID: 0}
    - target: {fileID: 8944190757163267578, guid: 405a47a116fc449eda09832060c0a143,
        type: 3}
      propertyPath: m_LocalRotation.w
      value: 1
      objectReference: {fileID: 0}
    - target: {fileID: 8944190757163267578, guid: 405a47a116fc449eda09832060c0a143,
        type: 3}
      propertyPath: m_LocalRotation.x
      value: -0
      objectReference: {fileID: 0}
    - target: {fileID: 8944190757163267578, guid: 405a47a116fc449eda09832060c0a143,
        type: 3}
      propertyPath: m_LocalRotation.y
      value: -0
      objectReference: {fileID: 0}
    - target: {fileID: 8944190757163267578, guid: 405a47a116fc449eda09832060c0a143,
        type: 3}
      propertyPath: m_LocalRotation.z
      value: -0
      objectReference: {fileID: 0}
    - target: {fileID: 8944190757163267578, guid: 405a47a116fc449eda09832060c0a143,
        type: 3}
      propertyPath: m_LocalEulerAnglesHint.x
      value: 0
      objectReference: {fileID: 0}
    - target: {fileID: 8944190757163267578, guid: 405a47a116fc449eda09832060c0a143,
        type: 3}
      propertyPath: m_LocalEulerAnglesHint.y
      value: 0
      objectReference: {fileID: 0}
    - target: {fileID: 8944190757163267578, guid: 405a47a116fc449eda09832060c0a143,
        type: 3}
      propertyPath: m_LocalEulerAnglesHint.z
      value: 0
      objectReference: {fileID: 0}
    m_RemovedComponents: []
  m_SourcePrefab: {fileID: 100100000, guid: 405a47a116fc449eda09832060c0a143, type: 3}
--- !u!4 &6117795417479132835 stripped
Transform:
  m_CorrespondingSourceObject: {fileID: 8944190757163267578, guid: 405a47a116fc449eda09832060c0a143,
    type: 3}
  m_PrefabInstance: {fileID: 2938282777177965401}
  m_PrefabAsset: {fileID: 0}
--- !u!1001 &2938282777233355802
PrefabInstance:
  m_ObjectHideFlags: 0
  serializedVersion: 2
  m_Modification:
    m_TransformParent: {fileID: 2938282777969775074}
    m_Modifications:
    - target: {fileID: 1116309621486503200, guid: 405a47a116fc449eda09832060c0a143,
        type: 3}
      propertyPath: m_Name
      value: ArmorCell_3
      objectReference: {fileID: 0}
    - target: {fileID: 4578844998114255361, guid: 405a47a116fc449eda09832060c0a143,
        type: 3}
      propertyPath: index
      value: 3
      objectReference: {fileID: 0}
    - target: {fileID: 4578844998114255361, guid: 405a47a116fc449eda09832060c0a143,
        type: 3}
      propertyPath: gameLogic
      value: 
      objectReference: {fileID: 0}
    - target: {fileID: 6175998109335594305, guid: 405a47a116fc449eda09832060c0a143,
        type: 3}
      propertyPath: row
      value: 1
      objectReference: {fileID: 0}
    - target: {fileID: 6175998109335594305, guid: 405a47a116fc449eda09832060c0a143,
        type: 3}
      propertyPath: posX
      value: 1
      objectReference: {fileID: 0}
    - target: {fileID: 6175998109335594305, guid: 405a47a116fc449eda09832060c0a143,
        type: 3}
      propertyPath: index
      value: 3
      objectReference: {fileID: 0}
    - target: {fileID: 6175998109335594305, guid: 405a47a116fc449eda09832060c0a143,
        type: 3}
      propertyPath: gameLogic
      value: 
      objectReference: {fileID: 0}
    - target: {fileID: 7082056690820571859, guid: 405a47a116fc449eda09832060c0a143,
        type: 3}
      propertyPath: m_LocalRotation.x
      value: -0
      objectReference: {fileID: 0}
    - target: {fileID: 7082056690820571859, guid: 405a47a116fc449eda09832060c0a143,
        type: 3}
      propertyPath: m_LocalRotation.y
      value: -0
      objectReference: {fileID: 0}
    - target: {fileID: 7082056690820571859, guid: 405a47a116fc449eda09832060c0a143,
        type: 3}
      propertyPath: m_LocalRotation.z
      value: -0
      objectReference: {fileID: 0}
    - target: {fileID: 8944190757163267578, guid: 405a47a116fc449eda09832060c0a143,
        type: 3}
      propertyPath: m_RootOrder
      value: 3
      objectReference: {fileID: 0}
    - target: {fileID: 8944190757163267578, guid: 405a47a116fc449eda09832060c0a143,
        type: 3}
      propertyPath: m_LocalPosition.x
      value: 0
      objectReference: {fileID: 0}
    - target: {fileID: 8944190757163267578, guid: 405a47a116fc449eda09832060c0a143,
        type: 3}
      propertyPath: m_LocalPosition.y
      value: 0
      objectReference: {fileID: 0}
    - target: {fileID: 8944190757163267578, guid: 405a47a116fc449eda09832060c0a143,
        type: 3}
      propertyPath: m_LocalPosition.z
      value: -1.1
      objectReference: {fileID: 0}
    - target: {fileID: 8944190757163267578, guid: 405a47a116fc449eda09832060c0a143,
        type: 3}
      propertyPath: m_LocalRotation.w
      value: 1
      objectReference: {fileID: 0}
    - target: {fileID: 8944190757163267578, guid: 405a47a116fc449eda09832060c0a143,
        type: 3}
      propertyPath: m_LocalRotation.x
      value: -0
      objectReference: {fileID: 0}
    - target: {fileID: 8944190757163267578, guid: 405a47a116fc449eda09832060c0a143,
        type: 3}
      propertyPath: m_LocalRotation.y
      value: -0
      objectReference: {fileID: 0}
    - target: {fileID: 8944190757163267578, guid: 405a47a116fc449eda09832060c0a143,
        type: 3}
      propertyPath: m_LocalRotation.z
      value: -0
      objectReference: {fileID: 0}
    - target: {fileID: 8944190757163267578, guid: 405a47a116fc449eda09832060c0a143,
        type: 3}
      propertyPath: m_LocalEulerAnglesHint.x
      value: 0
      objectReference: {fileID: 0}
    - target: {fileID: 8944190757163267578, guid: 405a47a116fc449eda09832060c0a143,
        type: 3}
      propertyPath: m_LocalEulerAnglesHint.y
      value: 0
      objectReference: {fileID: 0}
    - target: {fileID: 8944190757163267578, guid: 405a47a116fc449eda09832060c0a143,
        type: 3}
      propertyPath: m_LocalEulerAnglesHint.z
      value: 0
      objectReference: {fileID: 0}
    m_RemovedComponents: []
  m_SourcePrefab: {fileID: 100100000, guid: 405a47a116fc449eda09832060c0a143, type: 3}
--- !u!4 &6117795417131844064 stripped
Transform:
  m_CorrespondingSourceObject: {fileID: 8944190757163267578, guid: 405a47a116fc449eda09832060c0a143,
    type: 3}
  m_PrefabInstance: {fileID: 2938282777233355802}
  m_PrefabAsset: {fileID: 0}
--- !u!1001 &2938282777502648622
PrefabInstance:
  m_ObjectHideFlags: 0
  serializedVersion: 2
  m_Modification:
    m_TransformParent: {fileID: 2938282777969775074}
    m_Modifications:
    - target: {fileID: 1116309621486503200, guid: 405a47a116fc449eda09832060c0a143,
        type: 3}
      propertyPath: m_Name
      value: ArmorCell_1
      objectReference: {fileID: 0}
    - target: {fileID: 4578844998114255361, guid: 405a47a116fc449eda09832060c0a143,
        type: 3}
      propertyPath: index
      value: 1
      objectReference: {fileID: 0}
    - target: {fileID: 4578844998114255361, guid: 405a47a116fc449eda09832060c0a143,
        type: 3}
      propertyPath: gameLogic
      value: 
      objectReference: {fileID: 0}
    - target: {fileID: 6175998109335594305, guid: 405a47a116fc449eda09832060c0a143,
        type: 3}
      propertyPath: col
      value: 1
      objectReference: {fileID: 0}
    - target: {fileID: 6175998109335594305, guid: 405a47a116fc449eda09832060c0a143,
        type: 3}
      propertyPath: posY
      value: 1
      objectReference: {fileID: 0}
    - target: {fileID: 6175998109335594305, guid: 405a47a116fc449eda09832060c0a143,
        type: 3}
      propertyPath: index
      value: 1
      objectReference: {fileID: 0}
    - target: {fileID: 6175998109335594305, guid: 405a47a116fc449eda09832060c0a143,
        type: 3}
      propertyPath: gameLogic
      value: 
      objectReference: {fileID: 0}
    - target: {fileID: 8944190757163267578, guid: 405a47a116fc449eda09832060c0a143,
        type: 3}
      propertyPath: m_RootOrder
      value: 1
      objectReference: {fileID: 0}
    - target: {fileID: 8944190757163267578, guid: 405a47a116fc449eda09832060c0a143,
        type: 3}
      propertyPath: m_LocalPosition.x
      value: 1.1
      objectReference: {fileID: 0}
    - target: {fileID: 8944190757163267578, guid: 405a47a116fc449eda09832060c0a143,
        type: 3}
      propertyPath: m_LocalPosition.y
      value: 0
      objectReference: {fileID: 0}
    - target: {fileID: 8944190757163267578, guid: 405a47a116fc449eda09832060c0a143,
        type: 3}
      propertyPath: m_LocalPosition.z
      value: 0
      objectReference: {fileID: 0}
    - target: {fileID: 8944190757163267578, guid: 405a47a116fc449eda09832060c0a143,
        type: 3}
      propertyPath: m_LocalRotation.w
      value: 1
      objectReference: {fileID: 0}
    - target: {fileID: 8944190757163267578, guid: 405a47a116fc449eda09832060c0a143,
        type: 3}
      propertyPath: m_LocalRotation.x
      value: -0
      objectReference: {fileID: 0}
    - target: {fileID: 8944190757163267578, guid: 405a47a116fc449eda09832060c0a143,
        type: 3}
      propertyPath: m_LocalRotation.y
      value: -0
      objectReference: {fileID: 0}
    - target: {fileID: 8944190757163267578, guid: 405a47a116fc449eda09832060c0a143,
        type: 3}
      propertyPath: m_LocalRotation.z
      value: -0
      objectReference: {fileID: 0}
    - target: {fileID: 8944190757163267578, guid: 405a47a116fc449eda09832060c0a143,
        type: 3}
      propertyPath: m_LocalEulerAnglesHint.x
      value: 0
      objectReference: {fileID: 0}
    - target: {fileID: 8944190757163267578, guid: 405a47a116fc449eda09832060c0a143,
        type: 3}
      propertyPath: m_LocalEulerAnglesHint.y
      value: 0
      objectReference: {fileID: 0}
    - target: {fileID: 8944190757163267578, guid: 405a47a116fc449eda09832060c0a143,
        type: 3}
      propertyPath: m_LocalEulerAnglesHint.z
      value: 0
      objectReference: {fileID: 0}
    m_RemovedComponents: []
  m_SourcePrefab: {fileID: 100100000, guid: 405a47a116fc449eda09832060c0a143, type: 3}
--- !u!4 &6117795416864849108 stripped
Transform:
  m_CorrespondingSourceObject: {fileID: 8944190757163267578, guid: 405a47a116fc449eda09832060c0a143,
    type: 3}
  m_PrefabInstance: {fileID: 2938282777502648622}
  m_PrefabAsset: {fileID: 0}
--- !u!1001 &2938282777597131800
PrefabInstance:
  m_ObjectHideFlags: 0
  serializedVersion: 2
  m_Modification:
    m_TransformParent: {fileID: 2938282777969775074}
    m_Modifications:
    - target: {fileID: 1116309621486503200, guid: 405a47a116fc449eda09832060c0a143,
        type: 3}
      propertyPath: m_Name
      value: ArmorCell_5
      objectReference: {fileID: 0}
    - target: {fileID: 4578844998114255361, guid: 405a47a116fc449eda09832060c0a143,
        type: 3}
      propertyPath: index
      value: 5
      objectReference: {fileID: 0}
    - target: {fileID: 4578844998114255361, guid: 405a47a116fc449eda09832060c0a143,
        type: 3}
      propertyPath: gameLogic
      value: 
      objectReference: {fileID: 0}
    - target: {fileID: 6175998109335594305, guid: 405a47a116fc449eda09832060c0a143,
        type: 3}
      propertyPath: col
      value: 2
      objectReference: {fileID: 0}
    - target: {fileID: 6175998109335594305, guid: 405a47a116fc449eda09832060c0a143,
        type: 3}
      propertyPath: row
      value: 1
      objectReference: {fileID: 0}
    - target: {fileID: 6175998109335594305, guid: 405a47a116fc449eda09832060c0a143,
        type: 3}
      propertyPath: posX
      value: 1
      objectReference: {fileID: 0}
    - target: {fileID: 6175998109335594305, guid: 405a47a116fc449eda09832060c0a143,
        type: 3}
      propertyPath: posY
      value: 2
      objectReference: {fileID: 0}
    - target: {fileID: 6175998109335594305, guid: 405a47a116fc449eda09832060c0a143,
        type: 3}
      propertyPath: index
      value: 5
      objectReference: {fileID: 0}
    - target: {fileID: 6175998109335594305, guid: 405a47a116fc449eda09832060c0a143,
        type: 3}
      propertyPath: gameLogic
      value: 
      objectReference: {fileID: 0}
    - target: {fileID: 8944190757163267578, guid: 405a47a116fc449eda09832060c0a143,
        type: 3}
      propertyPath: m_RootOrder
      value: 5
      objectReference: {fileID: 0}
    - target: {fileID: 8944190757163267578, guid: 405a47a116fc449eda09832060c0a143,
        type: 3}
      propertyPath: m_LocalPosition.x
      value: 2.2
      objectReference: {fileID: 0}
    - target: {fileID: 8944190757163267578, guid: 405a47a116fc449eda09832060c0a143,
        type: 3}
      propertyPath: m_LocalPosition.y
      value: 0
      objectReference: {fileID: 0}
    - target: {fileID: 8944190757163267578, guid: 405a47a116fc449eda09832060c0a143,
        type: 3}
      propertyPath: m_LocalPosition.z
      value: -1.1
      objectReference: {fileID: 0}
    - target: {fileID: 8944190757163267578, guid: 405a47a116fc449eda09832060c0a143,
        type: 3}
      propertyPath: m_LocalRotation.w
      value: 1
      objectReference: {fileID: 0}
    - target: {fileID: 8944190757163267578, guid: 405a47a116fc449eda09832060c0a143,
        type: 3}
      propertyPath: m_LocalRotation.x
      value: -0
      objectReference: {fileID: 0}
    - target: {fileID: 8944190757163267578, guid: 405a47a116fc449eda09832060c0a143,
        type: 3}
      propertyPath: m_LocalRotation.y
      value: -0
      objectReference: {fileID: 0}
    - target: {fileID: 8944190757163267578, guid: 405a47a116fc449eda09832060c0a143,
        type: 3}
      propertyPath: m_LocalRotation.z
      value: -0
      objectReference: {fileID: 0}
    - target: {fileID: 8944190757163267578, guid: 405a47a116fc449eda09832060c0a143,
        type: 3}
      propertyPath: m_LocalEulerAnglesHint.x
      value: 0
      objectReference: {fileID: 0}
    - target: {fileID: 8944190757163267578, guid: 405a47a116fc449eda09832060c0a143,
        type: 3}
      propertyPath: m_LocalEulerAnglesHint.y
      value: 0
      objectReference: {fileID: 0}
    - target: {fileID: 8944190757163267578, guid: 405a47a116fc449eda09832060c0a143,
        type: 3}
      propertyPath: m_LocalEulerAnglesHint.z
      value: 0
      objectReference: {fileID: 0}
    m_RemovedComponents: []
  m_SourcePrefab: {fileID: 100100000, guid: 405a47a116fc449eda09832060c0a143, type: 3}
--- !u!4 &6117795416959306210 stripped
Transform:
  m_CorrespondingSourceObject: {fileID: 8944190757163267578, guid: 405a47a116fc449eda09832060c0a143,
    type: 3}
  m_PrefabInstance: {fileID: 2938282777597131800}
  m_PrefabAsset: {fileID: 0}
--- !u!1001 &2938282777998985475
PrefabInstance:
  m_ObjectHideFlags: 0
  serializedVersion: 2
  m_Modification:
    m_TransformParent: {fileID: 2938282777969775074}
    m_Modifications:
    - target: {fileID: 1116309621486503200, guid: 405a47a116fc449eda09832060c0a143,
        type: 3}
      propertyPath: m_Name
      value: ArmorCell_4
      objectReference: {fileID: 0}
    - target: {fileID: 4578844998114255361, guid: 405a47a116fc449eda09832060c0a143,
        type: 3}
      propertyPath: index
      value: 4
      objectReference: {fileID: 0}
    - target: {fileID: 4578844998114255361, guid: 405a47a116fc449eda09832060c0a143,
        type: 3}
      propertyPath: gameLogic
      value: 
      objectReference: {fileID: 0}
    - target: {fileID: 6175998109335594305, guid: 405a47a116fc449eda09832060c0a143,
        type: 3}
      propertyPath: col
      value: 1
      objectReference: {fileID: 0}
    - target: {fileID: 6175998109335594305, guid: 405a47a116fc449eda09832060c0a143,
        type: 3}
      propertyPath: row
      value: 1
      objectReference: {fileID: 0}
    - target: {fileID: 6175998109335594305, guid: 405a47a116fc449eda09832060c0a143,
        type: 3}
      propertyPath: posX
      value: 1
      objectReference: {fileID: 0}
    - target: {fileID: 6175998109335594305, guid: 405a47a116fc449eda09832060c0a143,
        type: 3}
      propertyPath: posY
      value: 1
      objectReference: {fileID: 0}
    - target: {fileID: 6175998109335594305, guid: 405a47a116fc449eda09832060c0a143,
        type: 3}
      propertyPath: index
      value: 4
      objectReference: {fileID: 0}
    - target: {fileID: 6175998109335594305, guid: 405a47a116fc449eda09832060c0a143,
        type: 3}
      propertyPath: gameLogic
      value: 
      objectReference: {fileID: 0}
    - target: {fileID: 8944190757163267578, guid: 405a47a116fc449eda09832060c0a143,
        type: 3}
      propertyPath: m_RootOrder
      value: 4
      objectReference: {fileID: 0}
    - target: {fileID: 8944190757163267578, guid: 405a47a116fc449eda09832060c0a143,
        type: 3}
      propertyPath: m_LocalPosition.x
      value: 1.1
      objectReference: {fileID: 0}
    - target: {fileID: 8944190757163267578, guid: 405a47a116fc449eda09832060c0a143,
        type: 3}
      propertyPath: m_LocalPosition.y
      value: 0
      objectReference: {fileID: 0}
    - target: {fileID: 8944190757163267578, guid: 405a47a116fc449eda09832060c0a143,
        type: 3}
      propertyPath: m_LocalPosition.z
      value: -1.1
      objectReference: {fileID: 0}
    - target: {fileID: 8944190757163267578, guid: 405a47a116fc449eda09832060c0a143,
        type: 3}
      propertyPath: m_LocalRotation.w
      value: 1
      objectReference: {fileID: 0}
    - target: {fileID: 8944190757163267578, guid: 405a47a116fc449eda09832060c0a143,
        type: 3}
      propertyPath: m_LocalRotation.x
      value: -0
      objectReference: {fileID: 0}
    - target: {fileID: 8944190757163267578, guid: 405a47a116fc449eda09832060c0a143,
        type: 3}
      propertyPath: m_LocalRotation.y
      value: -0
      objectReference: {fileID: 0}
    - target: {fileID: 8944190757163267578, guid: 405a47a116fc449eda09832060c0a143,
        type: 3}
      propertyPath: m_LocalRotation.z
      value: -0
      objectReference: {fileID: 0}
    - target: {fileID: 8944190757163267578, guid: 405a47a116fc449eda09832060c0a143,
        type: 3}
      propertyPath: m_LocalEulerAnglesHint.x
      value: 0
      objectReference: {fileID: 0}
    - target: {fileID: 8944190757163267578, guid: 405a47a116fc449eda09832060c0a143,
        type: 3}
      propertyPath: m_LocalEulerAnglesHint.y
      value: 0
      objectReference: {fileID: 0}
    - target: {fileID: 8944190757163267578, guid: 405a47a116fc449eda09832060c0a143,
        type: 3}
      propertyPath: m_LocalEulerAnglesHint.z
      value: 0
      objectReference: {fileID: 0}
    m_RemovedComponents: []
  m_SourcePrefab: {fileID: 100100000, guid: 405a47a116fc449eda09832060c0a143, type: 3}
--- !u!4 &6117795416286919929 stripped
Transform:
  m_CorrespondingSourceObject: {fileID: 8944190757163267578, guid: 405a47a116fc449eda09832060c0a143,
    type: 3}
  m_PrefabInstance: {fileID: 2938282777998985475}
  m_PrefabAsset: {fileID: 0}
